@article{armstrong2014conditional,
  title={Conditional {Poisson} models: a flexible alternative to conditional logistic case cross-over analysis},
  author={Armstrong, Ben G and Gasparrini, Antonio and Tobias, Aurelio},
  journal={BMC Medical Research Methodology},
  volume={14},
  number={1},
  pages={122},
  year={2014},
  publisher={Springer}
}

@article{barone2011effects,
  title={Effects of Italian smoking regulation on rates of hospital admission for acute coronary events: a country-wide study},
  author={Barone-Adesi, Francesco and Gasparrini, Antonio and Vizzini, Loredana and Merletti, Franco and Richiardi, Lorenzo},
  journal={PloS one},
  volume={6},
  number={3},
  pages={e17419},
  year={2011},
  publisher={Public Library of Science}
}

@article{bernal2017interrupted,
  title={Interrupted time series regression for the evaluation of public health interventions: a tutorial},
  author={Bernal, James Lopez and Cummins, Steven and Gasparrini, Antonio},
  journal={International Journal of Epidemiology},
  volume={46},
  number={1},
  pages={348--355},
  year={2017},
  publisher={Oxford University Press}
}

@article{bor2014regression,
  title={Regression discontinuity designs in epidemiology: causal inference without randomized trials},
  author={Bor, Jacob and Moscoe, Ellen and Mutevedzi, Portia and Newell, Marie-Louise and B{\"a}rnighausen, Till},
  journal={Epidemiology},
  volume={25},
  number={5},
  pages={729},
  year={2014},
  publisher={Wolters Kluwer Health}
}

@article{casey2018retirements,
  title={Retirements of coal and oil power plants in {California}: association with reduced preterm birth among populations nearby},
  author={Casey, Joan A and Karasek, Deborah and Ogburn, Elizabeth L and Goin, Dana E and Dang, Kristina and Braveman, Paula A and Morello-Frosch, Rachel},
  journal={American Journal of Epidemiology},
  volume={187},
  number={8},
  pages={1586--1594},
  year={2018},
  publisher={Oxford University Press}
}

@book{chang2018r,
  title={R graphics cookbook: practical recipes for visualizing data},
  author={Chang, Winston},
  year={2018},
  publisher={O'Reilly Media}
}

@book{healy2018data,
  title={Data visualization: a practical introduction},
  author={Healy, Kieran},
  year={2018},
  publisher={Princeton University Press}
}

@article{mendola2018invited,
  title={Invited Commentary: The Power of Preterm Birth to Motivate a Cleaner Environment},
  author={Mendola, Pauline},
  journal={American journal of epidemiology},
  volume={187},
  number={8},
  pages={1595--1597},
  year={2018},
  publisher={Oxford University Press}
}

@article{robinson2014broom,
  title={broom: An R package for converting statistical analysis objects into tidy data frames},
  author={Robinson, David},
  journal={arXiv preprint arXiv:1412.3565},
  year={2014}
}

@article{vicedo2019hands,
  title={Hands-on tutorial on a modeling framework for projections of climate change impacts on health},
  author={Vicedo-Cabrera, Ana M and Sera, Francesco and Gasparrini, Antonio},
  journal={Epidemiology},
  volume={30},
  number={3},
  pages={321--329},
  year={2019},
  publisher={LWW}
}

@book{wickham2016r,
  title={R for data science: import, tidy, transform, visualize, and model data},
  author={Wickham, Hadley and Grolemund, Garrett},
  year={2016},
  publisher={" O'Reilly Media, Inc."}
}

@article{andersson201970,
  title={70-year legacy of the Framingham Heart Study},
  author={Andersson, Charlotte and Johnson, Andrew D and Benjamin, Emelia J and Levy, Daniel and Vasan, Ramachandran S},
  journal={Nature Reviews Cardiology},
  pages={1},
  year={2019},
  publisher={Nature Publishing Group}
}

@article{wong1989risk,
  title={Risk factors for long-term coronary prognosis after initial myocardial infarction: the Framingham Study},
  author={Wong, Nathan D and Cupples, Adrienne and Ostfeld, Adrian M and Levy, Daniel and Kannel, William B},
  journal={American Journal of Epidemiology},
  volume={130},
  number={3},
  pages={469--480},
  year={1989},
  publisher={Oxford University Press}
}


@article{clark2003survival,
  title={Survival analysis part I: basic concepts and first analyses},
  author={Clark, Taane G and Bradburn, Michael J and Love, Sharon B and Altman, Douglas G},
  journal={British journal of cancer},
  volume={89},
  number={2},
  pages={232--238},
  year={2003},
  publisher={Nature Publishing Group}
}

@article{bradburn2003survival,
  title={Survival analysis part II: multivariate data analysis--an introduction to concepts and methods},
  author={Bradburn, Michael J and Clark, Taane G and Love, Sharon B and Altman, Douglas G},
  journal={British journal of cancer},
  volume={89},
  number={3},
  pages={431--436},
  year={2003},
  publisher={Nature Publishing Group}
}

@article{bradburn2003survival2,
  title={Survival analysis Part III: multivariate data analysis--choosing a model and assessing its adequacy and fit},
  author={Bradburn, Michael J and Clark, Taane G and Love, Sharon B and Altman, Douglas G},
  journal={British journal of cancer},
  volume={89},
  number={4},
  pages={605--611},
  year={2003},
  publisher={Nature Publishing Group}
}

@article{clark2003survival2,
  title={Survival analysis part IV: further concepts and methods in survival analysis},
  author={Clark, Taane G and Bradburn, Michael J and Love, Sharon B and Altman, Douglas G},
  journal={British journal of cancer},
  volume={89},
  number={5},
  pages={781--786},
  year={2003},
  publisher={Nature Publishing Group}
}

@article{lu2007equivalence,
  title={On the equivalence of case-crossover and time series methods in environmental epidemiology},
  author={Lu, Yun and Zeger, Scott L},
  journal={Biostatistics},
  volume={8},
  number={2},
  pages={337--344},
  year={2007},
  publisher={Oxford University Press}
}

@article{imai2015time,
  title={Time series regression model for infectious disease and weather},
  author={Imai, Chisato and Armstrong, Ben and Chalabi, Zaid and Mangtani, Punam and Hashizume, Masahiro},
  journal={Environmental research},
  volume={142},
  pages={319--327},
  year={2015},
  publisher={Elsevier}
}

@article{bhaskaran2013time,
  title={Time series regression studies in environmental epidemiology},
  author={Bhaskaran, Krishnan and Gasparrini, Antonio and Hajat, Shakoor and Smeeth, Liam and Armstrong, Ben},
  journal={International Journal of Epidemiology},
  volume={42},
  number={4},
  pages={1187--1195},
  year={2013},
  publisher={Oxford University Press}
}

@article{gasparrini2014modeling,
  title={Modeling exposure--lag--response associations with distributed lag non-linear models},
  author={Gasparrini, Antonio},
  journal={Statistics in Medicine},
  volume={33},
  number={5},
  pages={881--899},
  year={2014},
  publisher={Wiley Online Library}
}

@article{armstrong2012commentary,
  title={Commentary: Climate ChangeHow Can Epidemiology Best Inform Policy?},
  author={Armstrong, Ben and Hajat, Shakoor and Kovats, Sari and Lloyd, Simon and Scovronick, Noah and Wilkinson, Paul},
  journal={Epidemiology},
  volume={23},
  number={6},
  pages={780--784},
  year={2012},
  publisher={LWW}
}